@article{Duguid1946,
author = {Duguid, J. P.},
doi = {10.1017/S0022172400019288},
file = {:home/andreas/.local/share/data/Mendeley Ltd./Mendeley Desktop/Downloaded/Duguid - 1946 - The size and the duration of air-carriage of respiratory droplets and droplet-nuclei.pdf:pdf},
issn = {00221724},
journal = {Journal of Hygiene},
number = {6},
pages = {471--479},
title = {{The size and the duration of air-carriage of respiratory droplets and droplet-nuclei}},
volume = {44},
year = {1946}
}
